
@article{Alpay2009,
	Author = {Alpay, Laurence and Verhoef, John and Xie, Bo and Te'eni, Dov and Zwetsloot-Schonk, JHM},
	Journal = {Biomedical informatics insights},
	Pages = {BII--S2223},
	Publisher = {SAGE Publications Sage UK: London, England},
	Title = {Current challenge in consumer health informatics: Bridging the gap between access to information and information understanding},
	Volume = {2},
	Year = {2009}}

@inproceedings{Arguello2011,
	Author = {Arguello, Jaime and Diaz, Fernando and Callan, Jamie and Carterette, Ben},
	Booktitle = {European Conference on Information Retrieval},
	Organization = {Springer},
	Pages = {141--152},
	Title = {A methodology for evaluating aggregated search results},
	Series = {ECIR'11},
	Year = {2011}}

@book{Balog2018,
	Author = {Balog, Krisztian},
	Booktitle = {The Information Retrieval Series},
	Publisher = {Springer},
	Title = {Utilizing Entities for an Enhanced Search Experience. In: Entity-Oriented Search},
	Volume = {39},
	Year = {2018}}

@article{Blignaut2009,
	title={Fixation identification: The optimum threshold for a dispersion algorithm},
	author={Blignaut, Pieter},
	journal={Attention, Perception, \& Psychophysics},
	volume={71},
	number={4},
	pages={881--895},
	year={2009},
	publisher={Springer}
}

@article{Borlund2000,
	title={Experimental components for the evaluation of interactive information retrieval systems},
	author={Borlund, Pia},
	journal={Journal of documentation},
	volume={56},
	number={1},
	pages={71--90},
	year={2000},
	publisher={MCB UP Ltd}
}

@inproceedings{Bota2016,
	Author = {Bota, Horatiu and Zhou, Ke and Jose, Joemon M},
	Booktitle = {Proceedings of the 2016 ACM on Conference on Human Information Interaction and Retrieval},
	Series = {CHIIR'2016},
	Organization = {ACM},
	Pages = {131--140},
	Title = {Playing your cards right: The effect of entity cards on search behaviour and workload},
	Year = {2016}}

@incollection{Carla2015,
	title={Effects of terminology on health queries: An analysis by user’s health literacy and topic familiarity},
	author={Lopes, Carla Teixeira and Ribeiro, Cristina},
	booktitle={Current issues in libraries, information science and related fields},
	pages={145--184},
	year={2015}
}


@inproceedings{Diez2001,
	Author = {Diez, Melanie and Boehm-Davis, Deborah A and Holt, Robert W and Pinney, Mary E and Hansberger, Jeffrey T and Schoppek, Wolfgang},
	Booktitle = {Proceedings of the 11th International Symposium on Aviation Psychology},
	Organization = {Citeseer},
	Title = {Tracking pilot interactions with flight management systems through eye movements},
	Volume = {6},
	Year = {2001}}

@inproceedings{gabrilovich2016cura,
	Author = {Evgeniy Gabrilovich},
	Booktitle = {Second WebQA workshop, SIGIR 2016 (invited talk)},
	Title = {Cura Te Ipsum: answering symptom queries with question intent},
	Year = {2016}}

@inproceedings{Hasibi2017,
	Author = {Hasibi, Faegheh and Balog, Krisztian and Bratsberg, Svein Erik},
	Booktitle = {Proceedings of the 40th International ACM SIGIR Conference on Research and Development in Information Retrieval},
	Series = {SIGIR'17},
	Location = {Shinjuku, Tokyo, Japan},
	Pages = {773--782},
	Publisher = {ACM},
	Title = {Dynamic Factual Summaries for Entity Cards},
	Year = {2017}}

@inproceedings{Jimmy2018b,
	Author = {Jimmy and Zuccon, Guido and Demartini, Gianluca},
	Booktitle = {The 41st International ACM SIGIR Conference on Research and Development in Information Retrieval},
	Series = {SIGIR'18},
	Organization = {ACM},
	Pages = {1105--1108},
	Title = {On the Volatility of Commercial Search Engines and its Impact on Information Retrieval Research},
	Year = {2018}}

@inproceedings{Jimmy2018,
	Author = {Jimmy and Zuccon, Guido and Palotti, Joao and Goeuriot, Lorraine and Kelly, Liadh},
	Booktitle = {CLEF 2018 Evaluation Labs and Workshop: Online Working Notes},
	Series = {CEUR Workshop Proceedings},
	Title = {Overview of the CLEF 2018 Consumer Health Search Task},
	Year = {2018}}

@article{Jimmy2018c,
	title={Payoffs and pitfalls in using knowledge-bases for consumer health search},
	author={Jimmy and Zuccon, Guido and Koopman, Bevan},
	journal={Information Retrieval Journal},
	pages={1--45},
	publisher={Springer}
}

@article{Kelly2009,
	Author = {Kelly, Diane and others},
	Journal = {Foundations and Trends{\textregistered} in Information Retrieval},
	Number = {1--2},
	Pages = {1--224},
	Publisher = {Now Publishers, Inc.},
	Title = {Methods for evaluating interactive information retrieval systems with users},
	Volume = {3},
	Year = {2009}}

@inproceedings{Kelly2015,
	Author = {Kelly, Diane and Arguello, Jaime and Edwards, Ashlee and Wu, Wan-ching},
	Booktitle = {Proceedings of the 2015 International Conference on the Theory of Information Retrieval},
	Series = {ICTIR'15},
	Organization = {ACM},
	Pages = {101--110},
	Title = {Development and evaluation of search tasks for IIR experiments using a cognitive complexity framework},
	Year = {2015}}

@inproceedings{Lagun2014,
	Author = {Lagun, Dmitry and Hsieh, Chih-Hung and Webster, Dale and Navalpakkam, Vidhya},
	Booktitle = {Proceedings of the 37th international ACM SIGIR Conference on Research and Development in Information Retrieval},
	Series = {SIGIR'14},
	Organization = {ACM},
	Pages = {113--122},
	Title = {Towards better measurement of attention and satisfaction in mobile search},
	Year = {2014}}

@article{lau2007people,
	Author = {Lau, Annie YS and Coiera, Enrico W},
	Journal = {Journal of the American Medical Informatics Association},
	Number = {5},
	Pages = {599--608},
	Publisher = {BMJ Group BMA House, Tavistock Square, London, WC1H 9JR},
	Title = {Do people experience cognitive biases while searching for information?},
	Volume = {14},
	Year = {2007}}

@article{Li2008,
	Author = {Li, Yuelin and Belkin, Nicholas J},
	Journal = {Information Processing \& Management},
	Number = {6},
	Pages = {1822--1837},
	Publisher = {Elsevier},
	Title = {A faceted approach to conceptualizing tasks in information seeking},
	Volume = {44},
	Year = {2008}}

@article{Li2010,
	Author = {Li, Yuelin and Belkin, Nicholas J},
	Journal = {Journal of the American Society for Information Science and Technology},
	Number = {9},
	Pages = {1771--1789},
	Publisher = {Wiley Online Library},
	Title = {An exploration of the relationships between work task and interactive information search behavior},
	Volume = {61},
	Year = {2010}}

@article{Lim2017,
	title={An unsupervised machine learning model for discovering latent infectious diseases using social media data},
	author={Lim, Sunghoon and Tucker, Conrad S and Kumara, Soundar},
	journal={Journal of Biomedical Informatics},
	volume={66},
	pages={82--94},
	year={2017}
}

@article{Miller2010,
	title={Diagnosis blog: checking up on health blogs in the blogosphere},
	author={Miller, Edward Alan and Pole, Antoinette},
	journal={American Journal of Public Health},
	volume={100},
	number={8},
	pages={1514--1519},
	year={2010}
}

@inproceedings{Mohan2018,
	Author = {Mohan, Sunil and Fiorini, Nicolas and Kim, Sun and Lu, Zhiyong},
	Booktitle = {Proceedings of the 2018 World Wide Web Conference},
	Series = {WWW'18},
	Keywords = {biomedical information retrieval, deep learning, learning to rank, search},
	Location = {Lyon, France},
	Pages = {77--86},
	Publisher = {International World Wide Web Conferences Steering Committee},
	Title = {A Fast Deep Learning Model for Textual Relevance in Biomedical Information Retrieval},
	Year = {2018}}

@article{Pang2016,
	title={Designing Health Websites Based on Users’ Web-Based Information-Seeking Behaviors: A Mixed-Method Observational Study},
	author={Pang, Patrick Cheong-Iao and Chang, Shanton and Verspoor, Karin and Pearce, Jon},
	journal={Journal of Medical Internet research},
	volume={18},
	number={6},
	year={2016},
	publisher={JMIR Publications Inc.}
}


@article{Plovnick2004,
	title={Reformulation of consumer health queries with professional terminology: a pilot study},
	author={Plovnick, Robert M and Zeng, Qing T},
	journal={Journal of medical Internet research},
	volume={6},
	number={3},
	year={2004},
}

@inproceedings{Pogacar2017,
	Author = {Pogacar, Frances A and Ghenai, Amira and Smucker, Mark D and Clarke, Charles LA},
	Booktitle = {Proceedings of the ACM SIGIR International Conference on Theory of Information Retrieval},
	Series = {SIGIR'17},
	Organization = {ACM},
	Pages = {209--216},
	Title = {The Positive and Negative Influence of Search Results on People's Decisions about the Efficacy of Medical Treatments},
	Year = {2017}}

@misc{Radlinski2015,
	Author = {Radlinski, Filip and Craswell, Nick and Billerbeck, Bodo and Shokouhi, Milad and Ahari, Sanaz and Agrawal, Nitin and Hoad, Timothy and Zhou, Song and Awan, Muhammad Aatif},
	Month = oct # {~13},
	Note = {US Patent 9,158,846},
	Publisher = {Google Patents},
	Title = {Entity detection and extraction for entity cards},
	Year = {2015}}

@article{Robins2010,
	title={Consumer health information on the Web: The relationship of visual design and perceptions of credibility},
	author={Robins, David and Holmes, Jason and Stansbury, Mary},
	journal={Journal of the American Society for Information Science and Technology},
	volume={61},
	number={1},
	pages={13--29},
	year={2010}
}

@inproceedings{Salvucci2000,
	Author = {Salvucci, Dario D and Goldberg, Joseph H},
	Booktitle = {Proceedings of the 2000 Symposium on Eye tracking Research and Applications},
	Series = {ETRA'00},
	Organization = {ACM},
	Pages = {71--78},
	Title = {Identifying fixations and saccades in eye-tracking protocols},
	Year = {2000}}

@inproceedings{Shokouhi2015,
	title={From queries to cards: Re-ranking proactive card recommendations based on reactive search history},
	author={Shokouhi, Milad and Guo, Qi},
	booktitle={Proceedings of the 38th International ACM SIGIR Conference on Research and Development in Information Retrieval},
	Series={SIGIR'15},
	pages={695--704},
	year={2015},
	organization={ACM}
}

@article{Soldaini2016,
	Author = {Soldaini, Luca and Yates, Andrew and Yom-Tov, Elad and Frieder, Ophir and Goharian, Nazli},
	Journal = {Information Retrieval Journal},
	Number = {1-2},
	Pages = {149--173},
	Publisher = {Springer},
	Title = {Enhancing web search in the medical domain via query clarification},
	Volume = {19},
	Year = {2016}}

@inproceedings{Soldaini2017,
	Author = {Soldaini, Luca and Yom-Tov, Elad},
	Booktitle = {Proceedings of the 26th International Conference on World Wide Web},
	Series = {WWW'17},
	Location = {Perth, Australia},
	Pages = {293--301},
	Publisher = {International World Wide Web Conferences Steering Committee},
	Title = {Inferring Individual Attributes from Search Engine Queries and Auxiliary Information},
	Year = {2017}}

@inproceedings{stanton2014a,
title={Circumlocution in diagnostic medical queries},
author={Stanton, Isabelle and Ieong, Samuel and Mishra, Nina},
booktitle={Proceedings of the 37th international ACM SIGIR conference on Research and Development in Information Retrieval},
Series = {SIGIR'14},
pages={133--142},
year={2014},
organization={ACM}}


@article{Toms2007,
	Author = {Toms, Elaine G and Latter, Celeste},
	Journal = {Health informatics journal},
	Number = {3},
	Pages = {223--235},
	Publisher = {Sage Publications Sage UK: London, England},
	Title = {How consumers search for health information},
	Volume = {13},
	Year = {2007}}

@inproceedings{white2013beliefs,
	Author = {White, Ryen},
	Booktitle = {Proceedings of the 36th international ACM SIGIR conference on Research and Development in Information Retrieval},
	Series = {SIGIR'13},
	Organization = {ACM},
	Pages = {3--12},
	Title = {Beliefs and biases in web search},
	Year = {2013}}

@article{Wilson2004,
	Author = {Wilson, Mark and Draney, Karen},
	Journal = {Yearbook of the National Society for the Study of Education},
	Number = {2},
	Pages = {132--154},
	Publisher = {Wiley Online Library},
	Title = {Some Links Between Large-Scale and Classroom Assessments: The Case of the BEAR Assessment System},
	Volume = {103},
	Year = {2004}}

@article{Zeng2002,
	Author = {Zeng, Qing and Kogan, S and Ash, N and Greenes, RA and Boxwala, AA and others},
	Journal = {Methods of Information in Medicine-Methodik der Information in der Medizin},
	Number = {4},
	Pages = {289--298},
	Publisher = {Stuttgart [etc.] FK Schattauer [etc.]},
	Title = {Characteristics of consumer terminology for health information retrieval},
	Volume = {41},
	Year = {2002}}


@article{Zeng2006,
	Author = {Zeng, Qing T and Crowell, Jonathan and Plovnick, Robert M and Kim, Eunjung and Ngo, Long and Dibble, Emily},
	Journal = {Journal of the American Medical Informatics Association},
	Number = {1},
	Pages = {80--90},
	Publisher = {BMJ Group BMA House, Tavistock Square, London, WC1H 9JR},
	Title = {Assisting consumer health information retrieval with query recommendations},
	Volume = {13},
	Year = {2006}}

@inproceedings{Zou2018,
	Author = {Zou, Bin and Lampos, Vasileios and Cox, Ingemar},
	Booktitle = {Proceedings of the 2018 World Wide Web Conference},
	Series = {WWW'18},
	Location = {Lyon, France},
	Numpages = {10},
	Pages = {87--96},
	Title = {Multi-Task Learning Improves Disease Models from Web Search},
	Year = {2018}}

@inproceedings{zuccon2018sigir,
	Author = {Zuccon, Guido and Koopman, Bevan},
	Booktitle = {The 41st International ACM SIGIR Conference on Research and Development in Information Retrieval},
	Series = {SIGIR'18},
	Location = {Ann Arbor, MI, USA},
	Numpages = {4},
	Pages = {1391--1394},
	Publisher = {ACM},
	Title = {SIGIR 2018 Tutorial on Health Search (HS2018): A Full-day from Consumers to Clinicians},
	Year = {2018}}

@inproceedings{Zuccon2015,
	Author = {Zuccon, Guido and Koopman, Bevan and Palotti, Joao},
	Booktitle = {European Conference on Information Retrieval},
	Series = {ECIR'15},
	Organization = {Springer},
	Pages = {562--567},
	Title = {Diagnose this if you can},
	Year = {2015}}

